%% This BibTeX bibliography file was created using BibDesk.
%% http://bibdesk.sourceforge.net/

%% Created for Marcella Bernardo Pinto at 2020-04-07 16:08:25 +1000 


%% Saved with string encoding Unicode (UTF-8) 



@article{Bent2004,
	Author = {Bent, R. and Hentenryck, P. V.},
	Doi = {10.1287/opre.1040.0124},
	Journal = {Operations Research},
	Number = {6},
	Pages = {977--987},
	Title = {Scenario-based planning for partially dynamic vehicle routing with stochastic customers},
	Volume = {52},
	Year = {2004},
	Bdsk-Url-1 = {http://dx.doi.org/10.1287/opre.1040.0124}}

@article{Bi2019,
	Author = {Bi, X. and Tang, W. K. S.},
	Doi = {10.1109/TITS.2018.2883791},
	Journal = {IEEE Transaction on Intelligent Transportation System},
	Number = {10},
	Pages = {3771--3781},
	Title = {Logistical Planning for Electric Vehicles Under Time-Dependent Stochastic Traffic},
	Volume = {20},
	Year = {2019},
	Bdsk-Url-1 = {http://dx.doi.org/10.1109/TITS.2018.2883791}}

@article{Felipe2014,
	Author = {Felipe, A. and Ortu\~{n}o, M. T. and Righini, G. and Tirado, G.},
	Doi = {https://doi.org/10.1016/j.tre.2014.09.003},
	Journal = {Transportation Research Part E: Logistics and Transportation Review},
	Pages = {111--128},
	Title = {A heuristic approach for the green vehicle routing problem with multiple technologies and partial recharges},
	Volume = {71},
	Year = {2014},
	Bdsk-Url-1 = {https://doi.org/10.1016/j.tre.2014.09.003}}

@incollection{Hansen1997,
	Author = {Hansen, P. and Mladenovi{\'{c}}, N. and Brimberg, J. and {Moreno P{\'{e}}rez}, J. A. M.},
	Booktitle = {Handbook of Metaheuristics},
	Chapter = {3},
	Edition = {2},
	Editor = {Gendreau, M. and Potvin, J.},
	Pages = {61--87},
	Publisher = {Springer},
	Title = {Variable neighborhood search},
	Year = {1997}}

@article{Hansen2010,
	Author = {Hansen, P. and Mladenovi{\'{c}}, N. and {Moreno P{\'{e}}rez}, J. A.},
	Journal = {Annals of Operations Research},
	Number = {1},
	Pages = {367--407},
	Title = {{Variable neighbourhood search: Methods and applications}},
	Volume = {175},
	Year = {2010}}

@article{Hiermann2016,
	Author = {Hiermann, G. and Puchinger, J. and Ropke, S. and Hartl, R. F.},
	Doi = {10.1016/j.ejor.2016.01.038},
	Journal = {European Journal of Operational Research},
	Number = {3},
	Pages = {995--1018},
	Title = {The electric fleet size and mix vehicle routing problem with time windows and recharging stations},
	Volume = {252},
	Year = {2016},
	Bdsk-Url-1 = {http://dx.doi.org/10.1016/j.ejor.2016.01.038}}

@inproceedings{Kullman2016,
	Author = {Kullman, N. and Goodson, J. and Mendoza, J. E.},
	Journal = {INFORMS Annual Meeting},
	Title = {Electric vehicle routing with mid-route recharging and uncertain charging station availability},
	Year = {2016}}

@article{Liu1999,
	Author = {Liu, F. H. and Shen, S. Y.},
	Doi = {10.1057/palgrave.jors.2600763},
	Journal = {Journal of the Operational Research Society},
	Number = {7},
	Pages = {721--732},
	Title = {The fleet size and mix vehicle routing problem with time windows},
	Volume = {50},
	Year = {1999},
	Bdsk-Url-1 = {http://dx.doi.org/10.1057/palgrave.jors.2600763}}

@inbook{Lourenco2001,
	Author = {Louren{\c{c}}o, H. R. and Martin, O. C. and St{\"u}tzle, T.},
	Booktitle = {Handbook of Metaheuristics},
	Doi = {10.1007/0-306-48056-5_11},
	Editor = {Glover, F. and Kochenberger, G. A.},
	Pages = {320--353},
	Publisher = {Springer US},
	Title = {Iterated Local Search},
	Year = {2001},
	Bdsk-Url-1 = {http://dx.doi.org/10.1007/0-306-48056-5_11}}

@inproceedings{Lu2019,
	Address = {New Zealand},
	Author = {Lu, J. and Wang, L.},
	Booktitle = {Proceedings of the IEEE Congress on Evolutionary Computation},
	Doi = {10.1109/CEC.2019.8789982},
	Title = {A bi-strategy based optimization algorithm for the dynamic capacitated electric vehicle routing problem},
	Year = {2019},
	Bdsk-Url-1 = {http://dx.doi.org/10.1109/CEC.2019.8789982}}

@article{Mladenovic1997,
	Author = {Mladenovi{\'{c}}, N. and Hansen, P.},
	Journal = {Computers \& Operations Research},
	Number = {11},
	Pages = {1097--1100},
	Title = {{Variable neighbourhood search}},
	Volume = {24},
	Year = {1997}}

@article{Montoya2017,
	Author = {Montoya, A. and Gu\'{e}ret, C. and Mendoza, J. E. and Villegas, J. G.},
	Doi = {10.1016/j.trb.2017.02.004},
	Journal = {Transportation Research Part B: Methodological},
	Pages = {87--110},
	Title = {The electric vehicle routing problem with nonlinear charging function},
	Volume = {103},
	Year = {2017},
	Bdsk-Url-1 = {http://dx.doi.org/10.1016/j.trb.2017.02.004}}

@article{Pelletier2019,
	Author = {Pelletier, S. and Jabali, O. and Laporte, G.},
	Doi = {10.1016/j.trb.2019.06.006},
	Journal = {Transportation Research Part B: Methodological},
	Pages = {225--255},
	Title = {The electric vehicle routing problem with energy consumption uncertainty},
	Volume = {126},
	Year = {2019},
	Bdsk-Url-1 = {http://dx.doi.org/10.1016/j.trb.2019.06.006}}

@article{Schneider2014,
	Author = {M. Schneider and A. Stenger and D. Goeke},
	Date-Modified = {2020-04-07 06:08:18 +0000},
	Doi = {10.1287/trsc.2013.0490},
	Journal = {Transportation Research Part B: Methodological},
	Pages = {465--694},
	Title = {The electric vehicle-routing problem with time windows and recharging stations},
	Volume = {48},
	Year = {2014},
	Bdsk-Url-1 = {http://dx.doi.org/10.1287/trsc.2013.0490}}

@article{Shao2017,
	Author = {Shao, S. and Guan, W. and Ran, B. and He, Z. and Bi, J.},
	Doi = {10.1155/2017/5098183},
	Journal = {Mathematical Problems in Engineering},
	Pages = {1--13},
	Title = {Electric vehicle routing problem with charging time and variable travel time},
	Year = {2017},
	Bdsk-Url-1 = {http://dx.doi.org/10.1155/2017/5098183}}

@article{Shi2019,
	Author = {Shi, j. and Gao, Y. and Wang, W. and Yu, N. and Ioannou, P.},
	Doi = {10.1109/TITS.2019.2947408},
	Journal = {IEEE Transactions on Intelligent Transportation Systems},
	Pages = {1--13},
	Title = {Operating electric vehicle fleet for ride-hailing services with reinforcement learning},
	Year = {2019},
	Bdsk-Url-1 = {http://dx.doi.org/10.1109/TITS.2019.2947408}}

@article{Sweda2017,
	Author = {Sweda, T. M. and Dolinskaya,I. S. and Klabjan, D.},
	Doi = {10.1287/trsc.2016.0724},
	Journal = {Transportation Science},
	Number = {4},
	Pages = {1031--1386},
	Title = {Adaptive routing and recharging policies for electric vehicles},
	Volume = {51},
	Year = {2017},
	Bdsk-Url-1 = {http://dx.doi.org/10.1287/trsc.2016.0724}}

@article{Solomon1987,
	Author = {Solomon, M.},
	Doi = {10.1287/opre.35.2.254},
	Journal = {Operations Research},
	Number = {2},
	Pages = {254-65},
	Title = {Algorithms for the vehicle routing and scheduling problems with time windows},
	Volume = {35},
	Year = {1987},
	Bdsk-Url-1 = {http://dx.doi.org/10.1287/opre.35.2.254}}

@article{Taillard1997,
	Author = {Taillard, E. and Badeau, P. and Gendreau, M. and Guertin, F. and Potvin, J.},
	Doi = {10.1287/trsc.31.2.170},
	Journal = {Transportation Science},
	Number = {2},
	Pages = {101--195},
	Title = {A tabu search heuristic for the vehicle routing problem with soft time windows},
	Volume = {31},
	Year = {1997},
	Bdsk-Url-1 = {http://dx.doi.org/10.1287/trsc.31.2.170}}

@article{Penha2016,
	Author = {Penna, P. H. V. and Afsar, H. M. and Prins, C. and Prodhon, C.},
	Doi = {10.1016/j.ifacol.2016.07.899},
	Journal = {IFAC-PapersOnLine},
	Number = {12},
	Pages = {955--960},
	Title = {A Hybrid Iterative Local Search Algorithm for The Electric Fleet Size and Mix Vehicle Routing Problem with Time Windows and Recharging Stations},
	Volume = {49},
	Year = {2016},
	Bdsk-Url-1 = {http://dx.doi.org/10.1016/j.ifacol.2016.07.899}}

@misc{mobility2013,
	Author = {{NSR Compilation report}},
	Howpublished = {\url{http://e-mobility-nsr.eu/fileadmin/user_upload/downloads/info-pool/E-Mobility_-_Final_report_7.3.pdf}},
	Note = {Accessed: 11-24-2019},
	Title = {Comparative analysis of European examples of schemes for Freight Electric Vehicles},
	Year = {2013}}
